<record><leader>00000cas a2200000 a 4500</leader><controlfield tag="001">23279685</controlfield><controlfield tag="008">910321d19uu1991iluwr ne      0   a0eng c</controlfield><datafield ind1=" " ind2=" " tag="010"><subfield code="a">sn 91054563 </subfield></datafield><datafield ind1=" " ind2=" " tag="040"><subfield code="a">NVF</subfield><subfield code="b">eng</subfield><subfield code="c">NVF</subfield><subfield code="d">DLC</subfield><subfield code="d">NVF</subfield><subfield code="d">OCLCF</subfield><subfield code="d">NVF</subfield><subfield code="d">OCLCO</subfield></datafield><datafield ind1="1" ind2=" " tag="029"><subfield code="a">AU@</subfield><subfield code="b">000020660840</subfield></datafield><datafield ind1=" " ind2=" " tag="042"><subfield code="a">pcc</subfield></datafield><datafield ind1=" " ind2=" " tag="043"><subfield code="a">n-us-il</subfield></datafield><datafield ind1="0" ind2=" " tag="130"><subfield code="a">Marissa messenger (Marissa, Ill. : 1938)</subfield></datafield><datafield ind1="1" ind2="4" tag="245"><subfield code="a">The Marissa messenger.</subfield></datafield><datafield ind1=" " ind2=" " tag="260"><subfield code="a">Marissa, Ill. :</subfield><subfield code="b">[publisher not identified]</subfield></datafield><datafield ind1=" " ind2=" " tag="300"><subfield code="a">v.</subfield></datafield><datafield ind1=" " ind2=" " tag="310"><subfield code="a">Weekly</subfield></datafield><datafield ind1="0" ind2=" " tag="362"><subfield code="a">-v. 93, no. 30 (July 20, 1973) ; v. 98, no. 27 (July 27, 1973)-v. 112, no. 30 (July 25, 1991).</subfield></datafield><datafield ind1=" " ind2=" " tag="580"><subfield code="a">Merged with: New Athens journal press, to form: Journal-messenger (New Athens, Ill.).</subfield></datafield><datafield ind1=" " ind2=" " tag="588"><subfield code="a">Description based on: Vol. 49, no. 12 (Dec. 24, 1937).</subfield></datafield><datafield ind1=" " ind2="0" tag="651"><subfield code="a">Marissa (Ill.)</subfield><subfield code="v">Newspapers.</subfield></datafield><datafield ind1=" " ind2="7" tag="651"><subfield code="a">Illinois</subfield><subfield code="z">Marissa.</subfield><subfield code="2">fast</subfield><subfield code="0">(OCoLC)fst01230520</subfield></datafield><datafield ind1=" " ind2="7" tag="655"><subfield code="a">Newspapers.</subfield><subfield code="2">fast</subfield><subfield code="0">(OCoLC)fst01423814</subfield></datafield><datafield ind1=" " ind2=" " tag="752"><subfield code="a">United States</subfield><subfield code="b">Illinois</subfield><subfield code="c">Saint Clair</subfield><subfield code="d">Marissa.</subfield></datafield><datafield ind1="1" ind2="7" tag="785"><subfield code="t">New Athens journal press</subfield><subfield code="w">(DLC)sn 93055793</subfield><subfield code="w">(OCoLC)28110307</subfield></datafield><datafield ind1="1" ind2="7" tag="785"><subfield code="t">Journal-messenger (New Athens, Ill.)</subfield><subfield code="w">(DLC)sn 91074106</subfield><subfield code="w">(OCoLC)24834901</subfield></datafield></record>